<record><leader>00000cas a22000007a 4500</leader><controlfield tag="001">22352388</controlfield><controlfield tag="008">900910d19731974mnuwr ne      0    0eng d</controlfield><datafield ind1=" " ind2=" " tag="010"><subfield code="a">sn 90060274 </subfield></datafield><datafield ind1=" " ind2=" " tag="040"><subfield code="a">MN#</subfield><subfield code="b">eng</subfield><subfield code="c">MN#</subfield><subfield code="d">OCLCQ</subfield><subfield code="d">OCLCF</subfield><subfield code="d">OCLCO</subfield></datafield><datafield ind1=" " ind2=" " tag="042"><subfield code="a">msc</subfield></datafield><datafield ind1=" " ind2=" " tag="043"><subfield code="a">n-us-mn</subfield></datafield><datafield ind1=" " ind2=" " tag="052"><subfield code="a">4144</subfield><subfield code="b">E3</subfield><subfield code="b">I6</subfield></datafield><datafield ind1=" " ind2=" " tag="052"><subfield code="a">4143</subfield><subfield code="b">H4</subfield><subfield code="b">D3</subfield></datafield><datafield ind1="0" ind2=" " tag="130"><subfield code="a">Midweek sun (Edina, Minn. : Inver Grove Heights ed.)</subfield></datafield><datafield ind1="1" ind2="0" tag="245"><subfield code="a">Midweek sun.</subfield></datafield><datafield ind1="1" ind2="3" tag="246"><subfield code="a">Inver Grove Heights midweek sun</subfield></datafield><datafield ind1=" " ind2=" " tag="260"><subfield code="a">Edina, Minn. :</subfield><subfield code="b">Sun Newspapers,</subfield><subfield code="c">-1974.</subfield></datafield><datafield ind1=" " ind2=" " tag="300"><subfield code="a">v.</subfield></datafield><datafield ind1=" " ind2=" " tag="310"><subfield code="a">Weekly</subfield></datafield><datafield ind1="1" ind2=" " tag="362"><subfield code="a">Began in June 1973?</subfield></datafield><datafield ind1="0" ind2=" " tag="362"><subfield code="a">-v. 92, no. 7 (Aug. 14, 1974).</subfield></datafield><datafield ind1=" " ind2=" " tag="530"><subfield code="a">Available on microfilm from the Minnesota Historical Society.</subfield></datafield><datafield ind1=" " ind2=" " tag="580"><subfield code="a">Merged with: Midweek sun (Edina, Minn. : South Saint Paul ed.), and: Midweek sun (Edina, Minn. : West St. Paul ed.), to form: Suburban midweek sun (South Saint Paul, Minn.).</subfield></datafield><datafield ind1=" " ind2="0" tag="651"><subfield code="a">Edina (Minn.)</subfield><subfield code="v">Newspapers.</subfield></datafield><datafield ind1=" " ind2="0" tag="651"><subfield code="a">Inver Grove Heights (Minn.)</subfield><subfield code="v">Newspapers.</subfield></datafield><datafield ind1=" " ind2="7" tag="655"><subfield code="a">Newspapers.</subfield><subfield code="2">fast</subfield><subfield code="0">(OCoLC)fst01423814</subfield></datafield><datafield ind1=" " ind2="7" tag="651"><subfield code="a">Minnesota</subfield><subfield code="z">Edina.</subfield><subfield code="2">fast</subfield><subfield code="0">(OCoLC)fst01220182</subfield></datafield><datafield ind1=" " ind2="7" tag="651"><subfield code="a">Minnesota</subfield><subfield code="z">Inver Grove Heights.</subfield><subfield code="2">fast</subfield><subfield code="0">(OCoLC)fst01208645</subfield></datafield><datafield ind1=" " ind2=" " tag="752"><subfield code="a">United States</subfield><subfield code="b">Minnesota</subfield><subfield code="c">Hennepin</subfield><subfield code="d">Edina.</subfield></datafield><datafield ind1=" " ind2=" " tag="752"><subfield code="a">United States</subfield><subfield code="b">Minnesota</subfield><subfield code="c">Dakota</subfield><subfield code="d">Inver Grove Heights.</subfield></datafield><datafield ind1="0" ind2="1" tag="780"><subfield code="t">South St. Paul sun</subfield><subfield code="w">(DLC)sn 90060275</subfield></datafield><datafield ind1="1" ind2="7" tag="785"><subfield code="t">Midweek sun (Edina, Minn. : St. Saint Paul ed.)</subfield><subfield code="w">(DLC)sn 90060284</subfield></datafield><datafield ind1="1" ind2="7" tag="785"><subfield code="t">Midweek sun (Edina, Minn. : West St. Paul ed.)</subfield><subfield code="w">(DLC)sn 90060273</subfield></datafield><datafield ind1="1" ind2="7" tag="785"><subfield code="t">Suburban midweek sun (South Saint Paul, Minn.)</subfield><subfield code="w">(DLC)sn 90060280</subfield></datafield></record>